@book{MichaelKerrisk,
	title = "The Linux Programming",
	author = "Michael Kerrisk",
	publisher = "No Starch Press",
	year = "2010"
}

@book{KaiwanBillimoria,
    title = "Linux Kernel Programming Part 2 - Char Device Drivers and Kernel Synchronization",
    author = "Kaiwan N Billimoria",
    publisher = "Packt",
    year = "2021"
}
