@book{TLPI,
  author         = {Michael Kerrisk},
  publisher      = {No Starch Press},
  title          = {The Linux Programming Interface},
  year           = {2010}
}

@misc{GNU,
  howpublished = {https://www.gnu.org/},
  title        = {Syst√®me d'exploitation GNU},
}

@misc{Lakovlev,
  author       = {Serge Lakovlev},
  howpublished = {http://www.iakovlev.org/},
  title        = {Terminal on Linux},
}